<record xmlns="http://www.loc.gov/MARC21/slim">
    <leader>     nam a22     5i 4500</leader>
    <controlfield tag="001">W1FPL1</controlfield>
    <controlfield tag="008">^^^^^^suuuu^^^^xx^^^^^^^^^^^|||||||tib^d</controlfield>
    <datafield tag="040" ind1=" " ind2=" ">
        <subfield code="a">MaCbTBRC</subfield>
        <subfield code="c">MaCbTBRC</subfield>
    </datafield>
    <datafield tag="245" ind1="0" ind2="0">
        <subfield code="a">[kaccāyana?] nāmakappaṃ--nām nissayya</subfield>
        <subfield code="h">[electronic resource].</subfield>
    </datafield>
    <datafield tag="260" ind1=" " ind2=" ">
        <subfield code="a">Nonthaburi, Thailand :</subfield>
        <subfield code="b">Fragile Palm Leaves Foundation,</subfield>
        <subfield code="c"/>
    </datafield>
    <datafield tag="506" ind1=" " ind2=" ">
        <subfield code="a">Open Access.</subfield>
        <subfield code="f">Unrestricted online access</subfield>
        <subfield code="2">star</subfield>
    </datafield>
    <datafield tag="542" ind1="1" ind2=" ">
        <subfield code="l">Public Domain</subfield>
        <subfield code="u">http://creativecommons.org/publicdomain/mark/1.0/</subfield>
    </datafield>
    <datafield tag="533" ind1=" " ind2=" ">
        <subfield code="a">Electronic reproduction.</subfield>
        <subfield code="b">Cambridge, Mass. :</subfield>
        <subfield code="c">Buddhist Digital Resource Center.</subfield>
    </datafield>
    <datafield tag="546" ind1=" " ind2=" ">
        <subfield code="a">In Tibetan.</subfield>
    </datafield>
    <datafield tag="856" ind1="4" ind2="0">
        <subfield code="u">http://www.tbrc.org/link?RID=W1FPL1</subfield>
        <subfield code="z">Available from TBRC</subfield>
    </datafield>
    <datafield tag="955" ind1=" " ind2=" ">
        <subfield code="a">W1FPL1-I1FPL1</subfield>
        <subfield code="c">v.1</subfield>
    </datafield>
</record>
